@inproceedings{hannay2009,
	author = {Jo Erskine Hannay and Hans Petter Langtangen and Carolyn MacLeod and Dietmar Pfahl and Janice Singer and Greg Wilson},
	title = "{How Do Scientists Develop and Use Scientific Software?}",
	booktitle = "{Second International Workshop on Software Engineering for Computational Science and Engineering (SECSE09)}",
	year = {2009},
	doi = {10.1109/SECSE.2009.5069155}
}

@inproceedings{prabhu2011,
	author = {Prakash Prabhu and Thomas B. Jablin and Arun Raman and Yun Zhang and Jialu Huang and Hanjun Kim and Nick P. Johnson and Feng Liu and Soumyadeep Ghosh and Stephen Beard and Taewook Oh and Matthew Zoufaly and David Walker and David I. August},
	title = "{A Survey of the Practice of Computational Science}",
	booktitle = {Proceedings of the 24th ACM/IEEE Conference on High Performance Computing, Networking, Storage and Analysis},
	year = {2011},
	doi = {10.1145/2063348.2063374},
}

@article{wilson1996,
	author = {Gregory V. Wilson},
	title = "{What Should Computer Scientists Teach to Physical Scientists and Engineers?}",
	journal = {IEEE Computational Science \& Engineering},
	year = {1996},
	month = {Summer-Fall},
	doi = {10.1109/99.503313}
}

@article{wilson2006a,
	author = {Greg Wilson},
	title = "{Where's the Real Bottleneck in Scientific Computing?}",
	journal = {American Scientist},
	year = {2006},
	month = {January-February},
	doi = {10.1511/2006.1.5}
}

@article{wilson2006b,
	author = {Greg Wilson},
	title = "{Software Carpentry: Getting Scientists to Write Better Code by Making Them More Productive}",
	journal = "{Computing in Science \& Engineering}",
	year = {2006},
	month = {November-December},
	doi = {10.1109/MCSE.2006.122}
}

@article{wilson2009,
	author = {Greg Wilson},
	title = "{How Do Scientists Really Use Computers?}",
	journal = {American Scientist},
	volume = {97},
	number = {5},
	pages = {8-10},
	year = {2009},
	month = {September-October},
	url = {http://www.americanscientist.org/issues/num2/2009/5/how-do-scientists-really-use-computers/1},
	doi = {10.1511/2009.80.360}
}
